SecurityId;SentTimestamp;ExecutedTimestamp;ExecPrice;Qty;Side;Type
FutureB;1544166008681726608;1544166008681726608;10924.000000;1.000000;BUY;Market
FutureA;1544166008681726608;1544166008681726608;10927.000000;1.000000;SELL;Market
FutureB;1544166017276146057;1544166017276146057;10929.000000;1.000000;SELL;Market
FutureA;1544166017276146057;1544166017276146057;10930.000000;1.000000;BUY;Market
FutureA;1544166041200813499;1544166041200813499;10929.000000;1.000000;SELL;Market
FutureB;1544166041200813499;1544166041200813499;10928.000000;1.000000;BUY;Market
FutureB;1544166041200902076;1544166041200902076;10931.000000;1.000000;BUY;Market
FutureA;1544166041200902076;1544166041200902076;10929.000000;1.000000;SELL;Market
FutureB;1544166655470444660;1544166655470444660;10906.000000;1.000000;SELL;Market
FutureA;1544166655470444660;1544166655470444660;10904.000000;1.000000;BUY;Market
FutureB;1544166655470581935;1544166655470581935;10905.000000;1.000000;SELL;Market
FutureA;1544166655470581935;1544166655470581935;10904.000000;1.000000;BUY;Market
FutureB;1544166655470690187;1544166655470690187;10905.000000;1.000000;SELL;Market
FutureA;1544166655470690187;1544166655470690187;10904.000000;1.000000;BUY;Market
FutureB;1544168155771140658;1544168155771140658;10890.000000;1.000000;SELL;Market
FutureA;1544168155771140658;1544168155771140658;10890.000000;1.000000;BUY;Market
FutureB;1544168662786826966;1544168662786826966;10874.000000;1.000000;BUY;Market
FutureA;1544168662786826966;1544168662786826966;10875.000000;1.000000;SELL;Market
FutureB;1544169548013367737;1544169548013367737;10868.000000;1.000000;BUY;Market
FutureA;1544169548013367737;1544169548013367737;10870.000000;1.000000;SELL;Market
FutureB;1544169548013505680;1544169548013505680;10869.000000;1.000000;BUY;Market
FutureA;1544169548013505680;1544169548013505680;10870.000000;1.000000;SELL;Market
FutureB;1544169548013593827;1544169548013593827;10869.000000;1.000000;BUY;Market
FutureA;1544169548013593827;1544169548013593827;10870.000000;1.000000;SELL;Market
FutureB;1544170274363235475;1544170274363235475;10862.000000;1.000000;SELL;Market
FutureA;1544170274363235475;1544170274363235475;10861.000000;1.000000;BUY;Market
FutureB;1544170277925532829;1544170277925532829;10859.000000;1.000000;BUY;Market
FutureA;1544170277925532829;1544170277925532829;10860.000000;1.000000;SELL;Market
FutureB;1544170398113832767;1544170398113832767;10861.000000;1.000000;SELL;Market
FutureA;1544170398113832767;1544170398113832767;10860.000000;1.000000;BUY;Market
FutureA;1544171384278337901;1544171384278337901;10867.000000;1.000000;SELL;Market
FutureB;1544171384278337901;1544171384278337901;10866.000000;1.000000;BUY;Market
FutureB;1544172929693016908;1544172929693016908;10878.000000;1.000000;SELL;Market
FutureA;1544172929693016908;1544172929693016908;10876.500000;1.000000;BUY;Market
FutureB;1544172961320963134;1544172961320963134;10881.000000;1.000000;SELL;Market
FutureA;1544172961320963134;1544172961320963134;10880.000000;1.000000;BUY;Market
FutureB;1544174757076941225;1544174757076941225;10901.000000;1.000000;BUY;Market
FutureA;1544174757076941225;1544174757076941225;10901.000000;1.000000;SELL;Market
FutureB;1544176358723818931;1544176358723818931;10922.000000;1.000000;SELL;Market
FutureA;1544176358723818931;1544176358723818931;10921.000000;1.000000;BUY;Market
FutureB;1544183376110963612;1544183376110963612;10864.000000;1.000000;SELL;Market
FutureA;1544183376110963612;1544183376110963612;10863.000000;1.000000;BUY;Market
FutureB;1544183385193575759;1544183385193575759;10864.000000;1.000000;SELL;Market
FutureA;1544183385193575759;1544183385193575759;10863.000000;1.000000;BUY;Market
FutureA;1544188609075237051;1544188609075237051;10871.000000;1.000000;SELL;Market
FutureB;1544188609075237051;1544188609075237051;10870.000000;1.000000;BUY;Market
FutureB;1544188609075268570;1544188609075268570;10870.000000;1.000000;BUY;Market
FutureA;1544188609075268570;1544188609075268570;10871.000000;1.000000;SELL;Market
FutureA;1544188609075316496;1544188609075316496;10871.000000;1.000000;SELL;Market
FutureB;1544188609075316496;1544188609075316496;10870.000000;1.000000;BUY;Market
FutureB;1544189372976292981;1544189372976292981;10876.000000;1.000000;BUY;Market
FutureA;1544189372976292981;1544189372976292981;10877.500000;1.000000;SELL;Market
FutureB;1544190890570512511;1544190890570512511;10901.000000;1.000000;SELL;Market
FutureA;1544190890570512511;1544190890570512511;10900.000000;1.000000;BUY;Market
FutureB;1544190899611139975;1544190899611139975;10899.000000;1.000000;SELL;Market
FutureA;1544190899611139975;1544190899611139975;10898.000000;1.000000;BUY;Market
FutureB;1544191813611465695;1544191813611465695;10898.000000;1.000000;SELL;Market
FutureA;1544191813611465695;1544191813611465695;10896.500000;1.000000;BUY;Market
FutureB;1544192403554409986;1544192403554409986;10896.000000;1.000000;BUY;Market
FutureA;1544192403554409986;1544192403554409986;10897.000000;1.000000;SELL;Market
FutureB;1544193643801844030;1544193643801844030;10913.000000;1.000000;BUY;Market
FutureA;1544193643801844030;1544193643801844030;10914.000000;1.000000;SELL;Market
FutureB;1544194296031536323;1544194296031536323;10905.000000;1.000000;BUY;Market
FutureA;1544194296031536323;1544194296031536323;10906.000000;1.000000;SELL;Market
FutureA;1544195358959664615;1544195358959664615;10903.000000;1.000000;BUY;Market
FutureB;1544195358959664615;1544195358959664615;10904.000000;1.000000;SELL;Market
FutureA;1544195358959688673;1544195358959688673;10903.000000;1.000000;BUY;Market
FutureB;1544195358959688673;1544195358959688673;10904.000000;1.000000;SELL;Market
FutureB;1544195358959757622;1544195358959757622;10904.000000;1.000000;SELL;Market
FutureA;1544195358959757622;1544195358959757622;10903.000000;1.000000;BUY;Market
FutureA;1544195358959889303;1544195358959889303;10903.000000;1.000000;BUY;Market
FutureB;1544195358959889303;1544195358959889303;10904.000000;1.000000;SELL;Market
FutureB;1544196024275314689;1544196024275314689;10866.000000;1.000000;BUY;Market
FutureA;1544196024275314689;1544196024275314689;10868.000000;1.000000;SELL;Market
FutureA;1544196318809700375;1544196318809700375;10844.000000;1.000000;SELL;Market
FutureB;1544196318809700375;1544196318809700375;10843.000000;1.000000;BUY;Market
FutureA;1544196318809718630;1544196318809718630;10844.000000;1.000000;SELL;Market
FutureB;1544196318809718630;1544196318809718630;10843.000000;1.000000;BUY;Market
FutureB;1544197438759838459;1544197438759838459;10851.000000;1.000000;SELL;Market
FutureA;1544197438759838459;1544197438759838459;10850.000000;1.000000;BUY;Market
FutureB;1544198234334260044;1544198234334260044;10844.000000;1.000000;SELL;Market
FutureA;1544198234334260044;1544198234334260044;10842.500000;1.000000;BUY;Market
FutureB;1544198553037281787;1544198553037281787;10831.000000;1.000000;SELL;Market
FutureA;1544198553037281787;1544198553037281787;10830.000000;1.000000;BUY;Market
FutureB;1544200199088218181;1544200199088218181;10814.000000;1.000000;BUY;Market
FutureA;1544200199088218181;1544200199088218181;10815.000000;1.000000;SELL;Market
FutureB;1544200199088456895;1544200199088456895;10813.000000;1.000000;BUY;Market
FutureA;1544200199088456895;1544200199088456895;10814.500000;1.000000;SELL;Market
FutureB;1544200199088518273;1544200199088518273;10813.000000;1.000000;BUY;Market
FutureA;1544200199088518273;1544200199088518273;10814.500000;1.000000;SELL;Market
FutureB;1544200199088650971;1544200199088650971;10814.000000;1.000000;BUY;Market
FutureA;1544200199088650971;1544200199088650971;10814.500000;1.000000;SELL;Market
FutureB;1544200272219783438;1544200272219783438;10810.000000;1.000000;SELL;Market
FutureA;1544200272219783438;1544200272219783438;10809.000000;1.000000;BUY;Market
FutureB;1544200305960492776;1544200305960492776;10807.000000;1.000000;SELL;Market
FutureA;1544200305960492776;1544200305960492776;10806.000000;1.000000;BUY;Market
FutureA;1544200476585397670;1544200476585397670;10798.000000;1.000000;BUY;Market
FutureB;1544200476585397670;1544200476585397670;10799.000000;1.000000;SELL;Market
FutureB;1544200480521311468;1544200480521311468;10794.000000;1.000000;SELL;Market
FutureA;1544200480521311468;1544200480521311468;10793.000000;1.000000;BUY;Market
FutureB;1544200885900832675;1544200885900832675;10772.000000;1.000000;BUY;Market
FutureA;1544200885900832675;1544200885900832675;10773.000000;1.000000;SELL;Market
FutureA;1544201996063856975;1544201996063856975;10766.000000;1.000000;BUY;Market
FutureB;1544201996063856975;1544201996063856975;10767.000000;1.000000;SELL;Market
