SecurityId;SentTimestamp;ExecutedTimestamp;ExecPrice;Qty;Side;Type
FutureB;1544166006147186340;1544166006148186340;10927.000000;1.000000;BUY;Market
FutureA;1544166006147186340;1544166006187186340;10927.500000;1.000000;SELL;Market
FutureB;1544166017276146057;1544166017277146057;10929.000000;1.000000;SELL;Market
FutureA;1544166017276146057;1544166017316146057;10930.000000;1.000000;BUY;Market
FutureA;1544166023733504585;1544166023773504585;10930.500000;1.000000;BUY;Market
FutureB;1544166023733504585;1544166023734504585;10931.000000;1.000000;SELL;Market
FutureB;1544166041200813499;1544166041201813499;10930.000000;1.000000;BUY;Market
FutureA;1544166041200813499;1544166041240813499;10929.000000;1.000000;SELL;Market
FutureA;1544166077460076010;1544166077500076010;10923.500000;1.000000;SELL;Market
FutureB;1544166077460076010;1544166077461076010;10925.000000;1.000000;BUY;Market
FutureB;1544166223544107476;1544166223545107476;10921.000000;1.000000;SELL;Market
FutureA;1544166223544107476;1544166223584107476;10923.000000;1.000000;BUY;Market
FutureB;1544166266415506940;1544166266416506940;10914.000000;1.000000;SELL;Market
FutureA;1544166266415506940;1544166266455506940;10916.000000;1.000000;BUY;Market
FutureB;1544166619972024825;1544166619973024825;10910.000000;1.000000;BUY;Market
FutureA;1544166619972024825;1544166620012024825;10909.000000;1.000000;SELL;Market
FutureB;1544166634906999762;1544166634907999762;10908.000000;1.000000;BUY;Market
FutureA;1544166634906999762;1544166634946999762;10907.500000;1.000000;SELL;Market
FutureB;1544166655470444660;1544166655471444660;10903.000000;1.000000;SELL;Market
FutureA;1544166655470444660;1544166655510444660;10906.000000;1.000000;BUY;Market
FutureB;1544166820831860779;1544166820832860779;10909.000000;1.000000;BUY;Market
FutureA;1544166820831860779;1544166820871860779;10907.000000;1.000000;SELL;Market
FutureB;1544168059721394954;1544168059722394954;10886.000000;1.000000;SELL;Market
FutureA;1544168059721394954;1544168059761394954;10887.500000;1.000000;BUY;Market
FutureB;1544168155771140658;1544168155772140658;10889.000000;1.000000;SELL;Market
FutureA;1544168155771140658;1544168155811140658;10890.000000;1.000000;BUY;Market
FutureB;1544168189205977470;1544168189206977470;10887.000000;1.000000;BUY;Market
FutureA;1544168189205977470;1544168189245977470;10885.000000;1.000000;SELL;Market
FutureB;1544168245100811094;1544168245101811094;10886.000000;1.000000;SELL;Market
FutureA;1544168245100811094;1544168245140811094;10887.500000;1.000000;BUY;Market
FutureB;1544168503613160755;1544168503614160755;10884.000000;1.000000;BUY;Market
FutureA;1544168503613160755;1544168503653160755;10883.500000;1.000000;SELL;Market
FutureA;1544168588343648154;1544168588383648154;10876.500000;1.000000;BUY;Market
FutureB;1544168588343648154;1544168588344648154;10876.000000;1.000000;SELL;Market
FutureB;1544168662786826966;1544168662787826966;10875.000000;1.000000;BUY;Market
FutureA;1544168662786826966;1544168662826826966;10874.000000;1.000000;SELL;Market
FutureB;1544169340385923679;1544169340386923679;10867.000000;1.000000;SELL;Market
FutureA;1544169340385923679;1544169340425923679;10869.500000;1.000000;BUY;Market
FutureB;1544169548013367737;1544169548014367737;10871.000000;1.000000;BUY;Market
FutureA;1544169548013367737;1544169548053367737;10869.500000;1.000000;SELL;Market
FutureB;1544169595044799394;1544169595045799394;10857.000000;1.000000;SELL;Market
FutureA;1544169595044799394;1544169595084799394;10859.500000;1.000000;BUY;Market
FutureB;1544170238737962428;1544170238738962428;10865.000000;1.000000;BUY;Market
FutureA;1544170238737962428;1544170238777962428;10863.500000;1.000000;SELL;Market
FutureB;1544170245268893655;1544170245269893655;10868.000000;1.000000;BUY;Market
FutureA;1544170245268893655;1544170245308893655;10866.500000;1.000000;SELL;Market
FutureB;1544170274363235475;1544170274364235475;10861.000000;1.000000;SELL;Market
FutureA;1544170274363235475;1544170274403235475;10862.000000;1.000000;BUY;Market
FutureB;1544170277925532829;1544170277926532829;10860.000000;1.000000;BUY;Market
FutureA;1544170277925532829;1544170277965532829;10859.000000;1.000000;SELL;Market
FutureB;1544170398113832767;1544170398114832767;10860.000000;1.000000;SELL;Market
FutureA;1544170398113832767;1544170398153832767;10862.000000;1.000000;BUY;Market
FutureB;1544170521103782921;1544170521104782921;10860.000000;1.000000;SELL;Market
FutureA;1544170521103782921;1544170521143782921;10860.500000;1.000000;BUY;Market
FutureB;1544170806759663552;1544170806760663552;10859.000000;1.000000;BUY;Market
FutureA;1544170806759663552;1544170806799663552;10858.000000;1.000000;SELL;Market
FutureB;1544171384278337901;1544171384279337901;10867.000000;1.000000;BUY;Market
FutureA;1544171384278337901;1544171384318337901;10862.500000;1.000000;SELL;Market
FutureB;1544171420224549124;1544171420225549124;10865.000000;1.000000;SELL;Market
FutureA;1544171420224549124;1544171420264549124;10866.000000;1.000000;BUY;Market
FutureB;1544171445766371624;1544171445767371624;10871.000000;1.000000;SELL;Market
FutureA;1544171445766371624;1544171445806371624;10872.000000;1.000000;BUY;Market
FutureB;1544171741269233342;1544171741270233342;10882.000000;1.000000;BUY;Market
FutureA;1544171741269233342;1544171741309233342;10881.000000;1.000000;SELL;Market
FutureB;1544172071068084678;1544172071069084678;10891.000000;1.000000;BUY;Market
FutureA;1544172071068084678;1544172071108084678;10890.000000;1.000000;SELL;Market
FutureB;1544172929693016908;1544172929694016908;10876.000000;1.000000;SELL;Market
FutureA;1544172929693016908;1544172929733016908;10878.000000;1.000000;BUY;Market
FutureB;1544172961320059270;1544172961321059270;10880.000000;1.000000;SELL;Market
FutureA;1544172961320059270;1544172961360059270;10882.000000;1.000000;BUY;Market
FutureB;1544173294242438404;1544173294243438404;10874.000000;1.000000;BUY;Market
FutureA;1544173294242438404;1544173294282438404;10872.500000;1.000000;SELL;Market
FutureB;1544173514258518386;1544173514259518386;10878.000000;1.000000;SELL;Market
FutureA;1544173514258518386;1544173514298518386;10879.500000;1.000000;BUY;Market
FutureB;1544174349875278987;1544174349876278987;10899.000000;1.000000;BUY;Market
FutureA;1544174349875278987;1544174349915278987;10898.000000;1.000000;SELL;Market
FutureB;1544174757076941225;1544174757077941225;10902.000000;1.000000;BUY;Market
FutureA;1544174757076941225;1544174757116941225;10902.000000;1.000000;SELL;Market
FutureB;1544176333407227317;1544176333408227317;10919.000000;1.000000;SELL;Market
FutureA;1544176333407227317;1544176333447227317;10920.500000;1.000000;BUY;Market
FutureB;1544176358723311867;1544176358724311867;10920.000000;1.000000;SELL;Market
FutureA;1544176358723311867;1544176358763311867;10921.500000;1.000000;BUY;Market
FutureB;1544177313653306158;1544177313654306158;10905.000000;1.000000;BUY;Market
FutureA;1544177313653306158;1544177313693306158;10903.500000;1.000000;SELL;Market
FutureB;1544177567562397226;1544177567563397226;10893.000000;1.000000;BUY;Market
FutureA;1544177567562397226;1544177567602397226;10892.000000;1.000000;SELL;Market
FutureA;1544177852627686620;1544177852667686620;10894.000000;1.000000;BUY;Market
FutureB;1544177852627686620;1544177852628686620;10893.000000;1.000000;SELL;Market
FutureB;1544177935429134041;1544177935430134041;10889.000000;1.000000;SELL;Market
FutureA;1544177935429134041;1544177935469134041;10890.000000;1.000000;BUY;Market
FutureB;1544180898068415361;1544180898069415361;10877.000000;1.000000;BUY;Market
FutureA;1544180898068415361;1544180898108415361;10875.500000;1.000000;SELL;Market
FutureB;1544181868868284097;1544181868869284097;10881.000000;1.000000;BUY;Market
FutureA;1544181868868284097;1544181868908284097;10878.500000;1.000000;SELL;Market
FutureB;1544183199309740276;1544183199310740276;10868.000000;1.000000;SELL;Market
FutureA;1544183199309740276;1544183199349740276;10869.500000;1.000000;BUY;Market
FutureB;1544183376110963612;1544183376111963612;10863.000000;1.000000;SELL;Market
FutureA;1544183376110963612;1544183376150963612;10864.000000;1.000000;BUY;Market
FutureB;1544183999548426525;1544183999549426525;10861.000000;1.000000;BUY;Market
FutureA;1544183999548426525;1544183999588426525;10860.000000;1.000000;SELL;Market
FutureB;1544184005062271935;1544184005063271935;10861.000000;1.000000;SELL;Market
FutureA;1544184005062271935;1544184005102271935;10862.000000;1.000000;BUY;Market
FutureB;1544185231730085627;1544185231731085627;10869.000000;1.000000;BUY;Market
FutureA;1544185231730085627;1544185231770085627;10868.500000;1.000000;SELL;Market
FutureB;1544185250439398144;1544185250440398144;10869.000000;1.000000;BUY;Market
FutureA;1544185250439398144;1544185250479398144;10868.000000;1.000000;SELL;Market
FutureB;1544185538946618642;1544185538947618642;10863.000000;1.000000;SELL;Market
FutureA;1544185538946618642;1544185538986618642;10864.000000;1.000000;BUY;Market
FutureB;1544187152920412095;1544187152921412095;10857.000000;1.000000;SELL;Market
FutureA;1544187152920412095;1544187152960412095;10857.000000;1.000000;BUY;Market
FutureB;1544188029356082679;1544188029357082679;10852.000000;1.000000;BUY;Market
FutureA;1544188029356082679;1544188029396082679;10850.500000;1.000000;SELL;Market
FutureB;1544188061967252363;1544188061968252363;10849.000000;1.000000;BUY;Market
FutureA;1544188061967252363;1544188062007252363;10848.000000;1.000000;SELL;Market
FutureB;1544188138244572006;1544188138245572006;10849.000000;1.000000;SELL;Market
FutureA;1544188138244572006;1544188138284572006;10850.500000;1.000000;BUY;Market
FutureB;1544188342969541224;1544188342970541224;10847.000000;1.000000;BUY;Market
FutureA;1544188342969541224;1544188343009541224;10845.000000;1.000000;SELL;Market
FutureB;1544188509802145282;1544188509803145282;10867.000000;1.000000;SELL;Market
FutureA;1544188509802145282;1544188509842145282;10868.500000;1.000000;BUY;Market
FutureB;1544188609075179122;1544188609076179122;10870.000000;1.000000;BUY;Market
FutureA;1544188609075179122;1544188609115179122;10869.000000;1.000000;SELL;Market
FutureB;1544189250271497420;1544189250272497420;10877.000000;1.000000;SELL;Market
FutureA;1544189250271497420;1544189250311497420;10877.500000;1.000000;BUY;Market
FutureB;1544189337332267076;1544189337333267076;10879.000000;1.000000;BUY;Market
FutureA;1544189337332267076;1544189337372267076;10877.500000;1.000000;SELL;Market
FutureA;1544189557471453632;1544189557511453632;10871.500000;1.000000;BUY;Market
FutureB;1544189557471453632;1544189557472453632;10870.000000;1.000000;SELL;Market
FutureB;1544189775362807267;1544189775363807267;10877.000000;1.000000;SELL;Market
FutureA;1544189775362807267;1544189775402807267;10878.000000;1.000000;BUY;Market
FutureB;1544189839885874917;1544189839886874917;10882.000000;1.000000;BUY;Market
FutureA;1544189839885874917;1544189839925874917;10880.500000;1.000000;SELL;Market
FutureB;1544189955242011030;1544189955243011030;10890.000000;1.000000;BUY;Market
FutureA;1544189955242011030;1544189955282011030;10889.000000;1.000000;SELL;Market
FutureB;1544190076600147000;1544190076601147000;10907.000000;1.000000;SELL;Market
FutureA;1544190076600147000;1544190076640147000;10906.500000;1.000000;BUY;Market
FutureB;1544190116651281262;1544190116652281262;10922.000000;1.000000;BUY;Market
FutureA;1544190116651281262;1544190116691281262;10921.000000;1.000000;SELL;Market
FutureB;1544190370914471980;1544190370915471980;10903.000000;1.000000;SELL;Market
FutureA;1544190370914471980;1544190370954471980;10903.500000;1.000000;BUY;Market
FutureB;1544190543205527713;1544190543206527713;10906.000000;1.000000;BUY;Market
FutureA;1544190543205527713;1544190543245527713;10905.000000;1.000000;SELL;Market
FutureB;1544190890570512511;1544190890571512511;10899.000000;1.000000;SELL;Market
FutureA;1544190890570512511;1544190890610512511;10900.000000;1.000000;BUY;Market
FutureB;1544190899611139975;1544190899612139975;10898.000000;1.000000;SELL;Market
FutureA;1544190899611139975;1544190899651139975;10899.000000;1.000000;BUY;Market
FutureB;1544191133023789473;1544191133024789473;10892.000000;1.000000;BUY;Market
FutureA;1544191133023789473;1544191133063789473;10890.000000;1.000000;SELL;Market
FutureB;1544191589886541031;1544191589887541031;10898.000000;1.000000;SELL;Market
FutureA;1544191589886541031;1544191589926541031;10898.500000;1.000000;BUY;Market
FutureB;1544191793715774449;1544191793716774449;10895.000000;1.000000;BUY;Market
FutureA;1544191793715774449;1544191793755774449;10893.500000;1.000000;SELL;Market
FutureB;1544191813611465695;1544191813612465695;10896.000000;1.000000;SELL;Market
FutureA;1544191813611465695;1544191813651465695;10896.500000;1.000000;BUY;Market
FutureB;1544192189241782009;1544192189242782009;10894.000000;1.000000;BUY;Market
FutureA;1544192189241782009;1544192189281782009;10893.500000;1.000000;SELL;Market
FutureB;1544192204961682619;1544192204962682619;10895.000000;1.000000;BUY;Market
FutureA;1544192204961682619;1544192205001682619;10894.500000;1.000000;SELL;Market
FutureB;1544192349554046933;1544192349555046933;10894.000000;1.000000;SELL;Market
FutureA;1544192349554046933;1544192349594046933;10895.500000;1.000000;BUY;Market
FutureB;1544192381233930773;1544192381234930773;10894.000000;1.000000;BUY;Market
FutureA;1544192381233930773;1544192381273930773;10892.500000;1.000000;SELL;Market
FutureB;1544192693567797489;1544192693568797489;10891.000000;1.000000;SELL;Market
FutureA;1544192693567797489;1544192693607797489;10892.000000;1.000000;BUY;Market
FutureA;1544192719367508774;1544192719407508774;10897.000000;1.000000;BUY;Market
FutureB;1544192719367508774;1544192719368508774;10896.000000;1.000000;SELL;Market
FutureB;1544193019414249016;1544193019415249016;10893.000000;1.000000;BUY;Market
FutureA;1544193019414249016;1544193019454249016;10892.000000;1.000000;SELL;Market
FutureB;1544193151804201262;1544193151805201262;10903.000000;1.000000;BUY;Market
FutureA;1544193151804201262;1544193151844201262;10902.500000;1.000000;SELL;Market
FutureB;1544193483792343791;1544193483793343791;10913.000000;1.000000;SELL;Market
FutureA;1544193483792343791;1544193483832343791;10914.500000;1.000000;BUY;Market
FutureB;1544193540480630990;1544193540481630990;10914.000000;1.000000;SELL;Market
FutureA;1544193540480630990;1544193540520630990;10915.000000;1.000000;BUY;Market
FutureB;1544193643801844030;1544193643802844030;10915.000000;1.000000;BUY;Market
FutureA;1544193643801844030;1544193643841844030;10914.000000;1.000000;SELL;Market
FutureB;1544194185061810168;1544194185062810168;10902.000000;1.000000;SELL;Market
FutureA;1544194185061810168;1544194185101810168;10902.500000;1.000000;BUY;Market
FutureB;1544194296031536323;1544194296032536323;10907.000000;1.000000;BUY;Market
FutureA;1544194296031536323;1544194296071536323;10907.500000;1.000000;SELL;Market
FutureA;1544194688952060999;1544194688992060999;10907.500000;1.000000;BUY;Market
FutureB;1544194688952060999;1544194688953060999;10907.000000;1.000000;SELL;Market
FutureB;1544194960571008242;1544194960572008242;10909.000000;1.000000;BUY;Market
FutureA;1544194960571008242;1544194960611008242;10908.500000;1.000000;SELL;Market
FutureB;1544195358959664615;1544195358960664615;10903.000000;1.000000;SELL;Market
FutureA;1544195358959664615;1544195358999664615;10905.000000;1.000000;BUY;Market
FutureB;1544195591997805626;1544195591998805626;10899.000000;1.000000;BUY;Market
FutureA;1544195591997805626;1544195592037805626;10897.500000;1.000000;SELL;Market
FutureB;1544195593043164363;1544195593044164363;10899.000000;1.000000;BUY;Market
FutureA;1544195593043164363;1544195593083164363;10898.000000;1.000000;SELL;Market
FutureB;1544195857614317745;1544195857615317745;10872.000000;1.000000;SELL;Market
FutureA;1544195857614317745;1544195857654317745;10873.500000;1.000000;BUY;Market
FutureB;1544195871070727486;1544195871071727486;10870.000000;1.000000;SELL;Market
FutureA;1544195871070727486;1544195871110727486;10871.000000;1.000000;BUY;Market
FutureB;1544195952148995045;1544195952149995045;10868.000000;1.000000;BUY;Market
FutureA;1544195952148995045;1544195952188995045;10867.500000;1.000000;SELL;Market
FutureB;1544196024275314689;1544196024276314689;10869.000000;1.000000;BUY;Market
FutureA;1544196024275314689;1544196024315314689;10867.000000;1.000000;SELL;Market
FutureB;1544196095494293194;1544196095495293194;10867.000000;1.000000;SELL;Market
FutureA;1544196095494293194;1544196095534293194;10868.500000;1.000000;BUY;Market
FutureB;1544196130687267257;1544196130688267257;10866.000000;1.000000;BUY;Market
FutureA;1544196130687267257;1544196130727267257;10864.500000;1.000000;SELL;Market
FutureB;1544196318810450557;1544196318811450557;10842.000000;1.000000;SELL;Market
FutureA;1544196318810450557;1544196318850450557;10841.500000;1.000000;BUY;Market
FutureB;1544196333975307873;1544196333976307873;10837.000000;1.000000;SELL;Market
FutureA;1544196333975307873;1544196334015307873;10838.000000;1.000000;BUY;Market
FutureB;1544196506714183857;1544196506715183857;10850.000000;1.000000;BUY;Market
FutureA;1544196506714183857;1544196506754183857;10848.500000;1.000000;SELL;Market
FutureB;1544196750651066943;1544196750652066943;10850.000000;1.000000;BUY;Market
FutureA;1544196750651066943;1544196750691066943;10848.500000;1.000000;SELL;Market
FutureB;1544196754945987894;1544196754946987894;10848.000000;1.000000;SELL;Market
FutureA;1544196754945987894;1544196754985987894;10849.500000;1.000000;BUY;Market
FutureB;1544196763746493582;1544196763747493582;10851.000000;1.000000;SELL;Market
FutureA;1544196763746493582;1544196763786493582;10852.500000;1.000000;BUY;Market
FutureB;1544196788986412656;1544196788987412656;10853.000000;1.000000;BUY;Market
FutureA;1544196788986412656;1544196789026412656;10851.500000;1.000000;SELL;Market
FutureB;1544196799815831127;1544196799816831127;10850.000000;1.000000;BUY;Market
FutureA;1544196799815831127;1544196799855831127;10849.000000;1.000000;SELL;Market
FutureB;1544197385188931453;1544197385189931453;10851.000000;1.000000;SELL;Market
FutureA;1544197385188931453;1544197385228931453;10851.500000;1.000000;BUY;Market
FutureB;1544197438759838459;1544197438760838459;10850.000000;1.000000;SELL;Market
FutureA;1544197438759838459;1544197438799838459;10851.000000;1.000000;BUY;Market
FutureB;1544198041168944198;1544198041169944198;10848.000000;1.000000;BUY;Market
FutureA;1544198041168944198;1544198041208944198;10847.000000;1.000000;SELL;Market
FutureB;1544198051052410144;1544198051053410144;10847.000000;1.000000;SELL;Market
FutureA;1544198051052410144;1544198051092410144;10847.500000;1.000000;BUY;Market
FutureB;1544198255035742337;1544198255036742337;10852.000000;1.000000;BUY;Market
FutureA;1544198255035742337;1544198255075742337;10850.500000;1.000000;SELL;Market
FutureB;1544198541561627316;1544198541562627316;10829.000000;1.000000;BUY;Market
FutureA;1544198541561627316;1544198541601627316;10827.500000;1.000000;SELL;Market
FutureB;1544198553037281787;1544198553038281787;10830.000000;1.000000;SELL;Market
FutureA;1544198553037281787;1544198553077281787;10830.500000;1.000000;BUY;Market
FutureB;1544198654417489606;1544198654418489606;10825.000000;1.000000;SELL;Market
FutureA;1544198654417489606;1544198654457489606;10826.500000;1.000000;BUY;Market
FutureB;1544198749663552899;1544198749664552899;10813.000000;1.000000;BUY;Market
FutureA;1544198749663552899;1544198749703552899;10812.000000;1.000000;SELL;Market
FutureB;1544198752335372224;1544198752336372224;10813.000000;1.000000;SELL;Market
FutureA;1544198752335372224;1544198752375372224;10812.500000;1.000000;BUY;Market
FutureB;1544198765026523399;1544198765027523399;10819.000000;1.000000;BUY;Market
FutureA;1544198765026523399;1544198765066523399;10817.500000;1.000000;SELL;Market
FutureB;1544199102864863943;1544199102865863943;10823.000000;1.000000;BUY;Market
FutureA;1544199102864863943;1544199102904863943;10821.500000;1.000000;SELL;Market
FutureB;1544199833529059141;1544199833530059141;10806.000000;1.000000;SELL;Market
FutureA;1544199833529059141;1544199833569059141;10806.500000;1.000000;BUY;Market
FutureA;1544199884084283850;1544199884124283850;10813.500000;1.000000;BUY;Market
FutureB;1544199884084283850;1544199884085283850;10812.000000;1.000000;SELL;Market
FutureB;1544199957640697215;1544199957641697215;10812.000000;1.000000;BUY;Market
FutureA;1544199957640697215;1544199957680697215;10811.000000;1.000000;SELL;Market
FutureB;1544200137069372159;1544200137070372159;10816.000000;1.000000;SELL;Market
FutureA;1544200137069372159;1544200137109372159;10817.500000;1.000000;BUY;Market
FutureB;1544200199087515990;1544200199088515990;10813.000000;1.000000;BUY;Market
FutureA;1544200199087515990;1544200199127515990;10810.000000;1.000000;SELL;Market
FutureB;1544200199695808181;1544200199696808181;10814.000000;1.000000;SELL;Market
FutureA;1544200199695808181;1544200199735808181;10814.500000;1.000000;BUY;Market
FutureB;1544200200064767749;1544200200065767749;10812.000000;1.000000;BUY;Market
FutureA;1544200200064767749;1544200200104767749;10811.000000;1.000000;SELL;Market
FutureB;1544200201536996709;1544200201537996709;10810.000000;1.000000;BUY;Market
FutureA;1544200201536996709;1544200201576996709;10808.000000;1.000000;SELL;Market
FutureB;1544200201615298387;1544200201616298387;10808.500000;1.000000;SELL;StopLoss
FutureA;1544200201615298387;1544200201655298387;10808.500000;1.000000;BUY;StopLoss
