SecurityId;SentTimestamp;ExecutedTimestamp;ExecPrice;Qty;Side;Type
FutureA;1544166006147186340;1544166006147186340;10927.500000;1.000000;SELL;Market
FutureB;1544166006147186340;1544166006147186340;10927.000000;1.000000;BUY;Market
FutureA;1544166006151440123;1544166006151440123;10927.500000;1.000000;SELL;Market
FutureB;1544166006151440123;1544166006151440123;10927.000000;1.000000;BUY;Market
FutureB;1544166017276146057;1544166017276146057;10929.000000;1.000000;SELL;Market
FutureA;1544166017276146057;1544166017276146057;10930.000000;1.000000;BUY;Market
FutureB;1544166023733504585;1544166023733504585;10931.000000;1.000000;SELL;Market
FutureA;1544166023733504585;1544166023733504585;10930.500000;1.000000;BUY;Market
FutureB;1544166027464131615;1544166027464131615;10931.000000;1.000000;SELL;Market
FutureA;1544166027464131615;1544166027464131615;10930.500000;1.000000;BUY;Market
FutureA;1544166041200813499;1544166041200813499;10929.000000;1.000000;SELL;Market
FutureB;1544166041200813499;1544166041200813499;10928.000000;1.000000;BUY;Market
FutureB;1544166041200902076;1544166041200902076;10931.000000;1.000000;BUY;Market
FutureA;1544166041200902076;1544166041200902076;10929.000000;1.000000;SELL;Market
FutureB;1544166077460076010;1544166077460076010;10923.000000;1.000000;BUY;Market
FutureA;1544166077460076010;1544166077460076010;10923.500000;1.000000;SELL;Market
FutureB;1544166223544107476;1544166223544107476;10922.000000;1.000000;SELL;Market
FutureA;1544166223544107476;1544166223544107476;10921.500000;1.000000;BUY;Market
FutureB;1544166266415506940;1544166266415506940;10915.000000;1.000000;SELL;Market
FutureA;1544166266415506940;1544166266415506940;10914.500000;1.000000;BUY;Market
FutureB;1544166266415583639;1544166266415583639;10915.000000;1.000000;SELL;Market
FutureA;1544166266415583639;1544166266415583639;10914.500000;1.000000;BUY;Market
FutureB;1544166283050104971;1544166283050104971;10915.000000;1.000000;SELL;Market
FutureA;1544166283050104971;1544166283050104971;10914.500000;1.000000;BUY;Market
FutureB;1544166619972024825;1544166619972024825;10909.000000;1.000000;BUY;Market
FutureA;1544166619972024825;1544166619972024825;10910.000000;1.000000;SELL;Market
FutureA;1544166634906999762;1544166634906999762;10907.500000;1.000000;SELL;Market
FutureB;1544166634906999762;1544166634906999762;10907.000000;1.000000;BUY;Market
FutureB;1544166634907046346;1544166634907046346;10907.000000;1.000000;BUY;Market
FutureA;1544166634907046346;1544166634907046346;10907.500000;1.000000;SELL;Market
FutureB;1544166655470444660;1544166655470444660;10906.000000;1.000000;SELL;Market
FutureA;1544166655470444660;1544166655470444660;10904.000000;1.000000;BUY;Market
FutureB;1544166655470581935;1544166655470581935;10905.000000;1.000000;SELL;Market
FutureA;1544166655470581935;1544166655470581935;10904.000000;1.000000;BUY;Market
FutureB;1544166655470690187;1544166655470690187;10905.000000;1.000000;SELL;Market
FutureA;1544166655470690187;1544166655470690187;10904.000000;1.000000;BUY;Market
FutureB;1544166820831860779;1544166820831860779;10906.000000;1.000000;BUY;Market
FutureA;1544166820831860779;1544166820831860779;10906.500000;1.000000;SELL;Market
FutureB;1544167048618135568;1544167048618135568;10906.000000;1.000000;BUY;Market
FutureA;1544167048618135568;1544167048618135568;10906.500000;1.000000;SELL;Market
FutureB;1544167048618202167;1544167048618202167;10906.000000;1.000000;BUY;Market
FutureA;1544167048618202167;1544167048618202167;10906.500000;1.000000;SELL;Market
FutureB;1544168059721394954;1544168059721394954;10887.000000;1.000000;SELL;Market
FutureA;1544168059721394954;1544168059721394954;10886.500000;1.000000;BUY;Market
FutureB;1544168059721456506;1544168059721456506;10887.000000;1.000000;SELL;Market
FutureA;1544168059721456506;1544168059721456506;10886.500000;1.000000;BUY;Market
FutureA;1544168059721614088;1544168059721614088;10886.500000;1.000000;BUY;Market
FutureB;1544168059721614088;1544168059721614088;10887.000000;1.000000;SELL;Market
FutureB;1544168189205977470;1544168189205977470;10886.000000;1.000000;BUY;Market
FutureA;1544168189205977470;1544168189205977470;10886.500000;1.000000;SELL;Market
FutureB;1544168189206026805;1544168189206026805;10886.000000;1.000000;BUY;Market
FutureA;1544168189206026805;1544168189206026805;10886.500000;1.000000;SELL;Market
FutureB;1544168245100811094;1544168245100811094;10886.000000;1.000000;SELL;Market
FutureA;1544168245100811094;1544168245100811094;10886.500000;1.000000;BUY;Market
FutureB;1544168503613160755;1544168503613160755;10883.000000;1.000000;BUY;Market
FutureA;1544168503613160755;1544168503613160755;10883.500000;1.000000;SELL;Market
FutureA;1544168503613220851;1544168503613220851;10883.500000;1.000000;SELL;Market
FutureB;1544168503613220851;1544168503613220851;10884.000000;1.000000;BUY;Market
FutureA;1544168588343648154;1544168588343648154;10876.500000;1.000000;BUY;Market
FutureB;1544168588343648154;1544168588343648154;10876.000000;1.000000;SELL;Market
FutureB;1544168662786826966;1544168662786826966;10874.000000;1.000000;BUY;Market
FutureA;1544168662786826966;1544168662786826966;10875.000000;1.000000;SELL;Market
FutureB;1544169340385923679;1544169340385923679;10867.000000;1.000000;SELL;Market
FutureA;1544169340385923679;1544169340385923679;10866.500000;1.000000;BUY;Market
FutureB;1544169340386040699;1544169340386040699;10867.000000;1.000000;SELL;Market
FutureA;1544169340386040699;1544169340386040699;10866.500000;1.000000;BUY;Market
FutureB;1544169548013367737;1544169548013367737;10868.000000;1.000000;BUY;Market
FutureA;1544169548013367737;1544169548013367737;10870.000000;1.000000;SELL;Market
FutureB;1544169548013505680;1544169548013505680;10869.000000;1.000000;BUY;Market
FutureA;1544169548013505680;1544169548013505680;10870.000000;1.000000;SELL;Market
FutureB;1544169548013593827;1544169548013593827;10869.000000;1.000000;BUY;Market
FutureA;1544169548013593827;1544169548013593827;10870.000000;1.000000;SELL;Market
FutureB;1544169595044799394;1544169595044799394;10858.000000;1.000000;SELL;Market
FutureA;1544169595044799394;1544169595044799394;10857.500000;1.000000;BUY;Market
FutureA;1544169635474835781;1544169635474835781;10863.500000;1.000000;BUY;Market
FutureB;1544169635474835781;1544169635474835781;10864.000000;1.000000;SELL;Market
FutureB;1544169635474906200;1544169635474906200;10862.000000;1.000000;SELL;Market
FutureA;1544169635474906200;1544169635474906200;10863.500000;1.000000;BUY;Market
FutureA;1544169898367311299;1544169898367311299;10872.500000;1.000000;BUY;Market
FutureB;1544169898367311299;1544169898367311299;10872.000000;1.000000;SELL;Market
FutureB;1544170238737962428;1544170238737962428;10863.000000;1.000000;BUY;Market
FutureA;1544170238737962428;1544170238737962428;10863.500000;1.000000;SELL;Market
FutureA;1544170238738044380;1544170238738044380;10863.500000;1.000000;SELL;Market
FutureB;1544170238738044380;1544170238738044380;10863.000000;1.000000;BUY;Market
FutureB;1544170245268893655;1544170245268893655;10866.000000;1.000000;BUY;Market
FutureA;1544170245268893655;1544170245268893655;10867.000000;1.000000;SELL;Market
FutureB;1544170274363235475;1544170274363235475;10862.000000;1.000000;SELL;Market
FutureA;1544170274363235475;1544170274363235475;10861.000000;1.000000;BUY;Market
FutureB;1544170277925532829;1544170277925532829;10859.000000;1.000000;BUY;Market
FutureA;1544170277925532829;1544170277925532829;10860.000000;1.000000;SELL;Market
FutureA;1544170277925608210;1544170277925608210;10860.000000;1.000000;SELL;Market
FutureB;1544170277925608210;1544170277925608210;10859.000000;1.000000;BUY;Market
FutureB;1544170398113832767;1544170398113832767;10861.000000;1.000000;SELL;Market
FutureA;1544170398113832767;1544170398113832767;10860.000000;1.000000;BUY;Market
FutureA;1544170521103782921;1544170521103782921;10859.500000;1.000000;BUY;Market
FutureB;1544170521103782921;1544170521103782921;10860.000000;1.000000;SELL;Market
FutureB;1544170806759663552;1544170806759663552;10858.000000;1.000000;BUY;Market
FutureA;1544170806759663552;1544170806759663552;10858.500000;1.000000;SELL;Market
FutureA;1544171384278337901;1544171384278337901;10867.000000;1.000000;SELL;Market
FutureB;1544171384278337901;1544171384278337901;10866.000000;1.000000;BUY;Market
FutureB;1544171420224549124;1544171420224549124;10866.000000;1.000000;SELL;Market
FutureA;1544171420224549124;1544171420224549124;10865.500000;1.000000;BUY;Market
FutureB;1544171420224573372;1544171420224573372;10866.000000;1.000000;SELL;Market
FutureA;1544171420224573372;1544171420224573372;10865.500000;1.000000;BUY;Market
FutureB;1544171445766371624;1544171445766371624;10872.000000;1.000000;SELL;Market
FutureA;1544171445766371624;1544171445766371624;10871.500000;1.000000;BUY;Market
FutureB;1544171741269233342;1544171741269233342;10881.000000;1.000000;BUY;Market
FutureA;1544171741269233342;1544171741269233342;10881.500000;1.000000;SELL;Market
FutureB;1544172071068084678;1544172071068084678;10888.000000;1.000000;BUY;Market
FutureA;1544172071068084678;1544172071068084678;10890.000000;1.000000;SELL;Market
FutureB;1544172071068185551;1544172071068185551;10889.000000;1.000000;BUY;Market
FutureA;1544172071068185551;1544172071068185551;10890.000000;1.000000;SELL;Market
FutureB;1544172929693016908;1544172929693016908;10878.000000;1.000000;SELL;Market
FutureA;1544172929693016908;1544172929693016908;10876.500000;1.000000;BUY;Market
FutureB;1544172929693255674;1544172929693255674;10877.000000;1.000000;SELL;Market
FutureA;1544172929693255674;1544172929693255674;10876.500000;1.000000;BUY;Market
FutureB;1544172929693298949;1544172929693298949;10877.000000;1.000000;SELL;Market
FutureA;1544172929693298949;1544172929693298949;10876.500000;1.000000;BUY;Market
FutureA;1544172961320059270;1544172961320059270;10879.500000;1.000000;BUY;Market
FutureB;1544172961320059270;1544172961320059270;10880.000000;1.000000;SELL;Market
FutureA;1544173294242438404;1544173294242438404;10873.500000;1.000000;SELL;Market
FutureB;1544173294242438404;1544173294242438404;10873.000000;1.000000;BUY;Market
FutureB;1544173514258518386;1544173514258518386;10879.000000;1.000000;SELL;Market
FutureA;1544173514258518386;1544173514258518386;10878.500000;1.000000;BUY;Market
FutureB;1544174349875278987;1544174349875278987;10897.000000;1.000000;BUY;Market
FutureA;1544174349875278987;1544174349875278987;10897.500000;1.000000;SELL;Market
FutureB;1544174757076941225;1544174757076941225;10901.000000;1.000000;BUY;Market
FutureA;1544174757076941225;1544174757076941225;10901.000000;1.000000;SELL;Market
FutureA;1544174757077147918;1544174757077147918;10901.500000;1.000000;SELL;Market
FutureB;1544174757077147918;1544174757077147918;10901.000000;1.000000;BUY;Market
FutureB;1544174757077202476;1544174757077202476;10901.000000;1.000000;BUY;Market
FutureA;1544174757077202476;1544174757077202476;10901.500000;1.000000;SELL;Market
FutureB;1544176333407227317;1544176333407227317;10920.000000;1.000000;SELL;Market
FutureA;1544176333407227317;1544176333407227317;10919.500000;1.000000;BUY;Market
FutureB;1544176358723311867;1544176358723311867;10922.000000;1.000000;SELL;Market
FutureA;1544176358723311867;1544176358723311867;10921.500000;1.000000;BUY;Market
FutureB;1544176358723666832;1544176358723666832;10922.000000;1.000000;SELL;Market
FutureA;1544176358723666832;1544176358723666832;10921.500000;1.000000;BUY;Market
FutureA;1544176358723714547;1544176358723714547;10921.500000;1.000000;BUY;Market
FutureB;1544176358723714547;1544176358723714547;10922.000000;1.000000;SELL;Market
FutureA;1544177313653306158;1544177313653306158;10904.500000;1.000000;SELL;Market
FutureB;1544177313653306158;1544177313653306158;10904.000000;1.000000;BUY;Market
FutureA;1544177567562397226;1544177567562397226;10893.500000;1.000000;SELL;Market
FutureB;1544177567562397226;1544177567562397226;10893.000000;1.000000;BUY;Market
FutureB;1544177852627686620;1544177852627686620;10893.000000;1.000000;SELL;Market
FutureA;1544177852627686620;1544177852627686620;10893.500000;1.000000;BUY;Market
FutureB;1544177935429134041;1544177935429134041;10890.000000;1.000000;SELL;Market
FutureA;1544177935429134041;1544177935429134041;10889.500000;1.000000;BUY;Market
FutureB;1544180898068415361;1544180898068415361;10876.000000;1.000000;BUY;Market
FutureA;1544180898068415361;1544180898068415361;10876.500000;1.000000;SELL;Market
FutureB;1544181868868284097;1544181868868284097;10881.000000;1.000000;BUY;Market
FutureA;1544181868868284097;1544181868868284097;10881.500000;1.000000;SELL;Market
FutureA;1544181868868305892;1544181868868305892;10881.500000;1.000000;SELL;Market
FutureB;1544181868868305892;1544181868868305892;10881.000000;1.000000;BUY;Market
FutureB;1544182213992952440;1544182213992952440;10876.000000;1.000000;BUY;Market
FutureA;1544182213992952440;1544182213992952440;10876.500000;1.000000;SELL;Market
FutureB;1544183199309740276;1544183199309740276;10868.000000;1.000000;SELL;Market
FutureA;1544183199309740276;1544183199309740276;10868.500000;1.000000;BUY;Market
FutureB;1544183376110963612;1544183376110963612;10864.000000;1.000000;SELL;Market
FutureA;1544183376110963612;1544183376110963612;10863.000000;1.000000;BUY;Market
FutureB;1544183385193575759;1544183385193575759;10864.000000;1.000000;SELL;Market
FutureA;1544183385193575759;1544183385193575759;10863.000000;1.000000;BUY;Market
FutureB;1544183602613318295;1544183602613318295;10868.000000;1.000000;SELL;Market
FutureA;1544183602613318295;1544183602613318295;10867.500000;1.000000;BUY;Market
FutureA;1544183999548426525;1544183999548426525;10859.500000;1.000000;SELL;Market
FutureB;1544183999548426525;1544183999548426525;10859.000000;1.000000;BUY;Market
FutureA;1544184005062271935;1544184005062271935;10861.500000;1.000000;BUY;Market
FutureB;1544184005062271935;1544184005062271935;10862.000000;1.000000;SELL;Market
FutureB;1544185231730085627;1544185231730085627;10868.000000;1.000000;BUY;Market
FutureA;1544185231730085627;1544185231730085627;10868.500000;1.000000;SELL;Market
FutureA;1544185250439398144;1544185250439398144;10868.500000;1.000000;SELL;Market
FutureB;1544185250439398144;1544185250439398144;10869.000000;1.000000;BUY;Market
FutureA;1544185538946618642;1544185538946618642;10863.500000;1.000000;BUY;Market
FutureB;1544185538946618642;1544185538946618642;10864.000000;1.000000;SELL;Market
FutureB;1544187152920412095;1544187152920412095;10859.000000;1.000000;SELL;Market
FutureA;1544187152920412095;1544187152920412095;10858.500000;1.000000;BUY;Market
FutureB;1544188029356082679;1544188029356082679;10850.000000;1.000000;BUY;Market
FutureA;1544188029356082679;1544188029356082679;10850.500000;1.000000;SELL;Market
FutureA;1544188061967252363;1544188061967252363;10848.500000;1.000000;SELL;Market
FutureB;1544188061967252363;1544188061967252363;10848.000000;1.000000;BUY;Market
FutureB;1544188062780867696;1544188062780867696;10848.000000;1.000000;BUY;Market
FutureA;1544188062780867696;1544188062780867696;10848.500000;1.000000;SELL;Market
FutureB;1544188063993099456;1544188063993099456;10849.000000;1.000000;BUY;Market
FutureA;1544188063993099456;1544188063993099456;10849.500000;1.000000;SELL;Market
FutureB;1544188138244572006;1544188138244572006;10850.000000;1.000000;SELL;Market
FutureA;1544188138244572006;1544188138244572006;10849.500000;1.000000;BUY;Market
FutureB;1544188342969541224;1544188342969541224;10846.000000;1.000000;BUY;Market
FutureA;1544188342969541224;1544188342969541224;10846.500000;1.000000;SELL;Market
FutureA;1544188509802145282;1544188509802145282;10867.500000;1.000000;BUY;Market
FutureB;1544188509802145282;1544188509802145282;10868.000000;1.000000;SELL;Market
FutureB;1544188609075179122;1544188609075179122;10870.000000;1.000000;BUY;Market
FutureA;1544188609075179122;1544188609075179122;10870.500000;1.000000;SELL;Market
FutureB;1544189250271497420;1544189250271497420;10878.000000;1.000000;SELL;Market
FutureA;1544189250271497420;1544189250271497420;10877.500000;1.000000;BUY;Market
FutureA;1544189250271598056;1544189250271598056;10877.500000;1.000000;BUY;Market
FutureB;1544189250271598056;1544189250271598056;10878.000000;1.000000;SELL;Market
FutureB;1544189337332267076;1544189337332267076;10877.000000;1.000000;BUY;Market
FutureA;1544189337332267076;1544189337332267076;10877.500000;1.000000;SELL;Market
FutureA;1544189360451158979;1544189360451158979;10878.500000;1.000000;SELL;Market
FutureB;1544189360451158979;1544189360451158979;10878.000000;1.000000;BUY;Market
FutureB;1544189557471453632;1544189557471453632;10871.000000;1.000000;SELL;Market
FutureA;1544189557471453632;1544189557471453632;10870.500000;1.000000;BUY;Market
FutureB;1544189775362807267;1544189775362807267;10878.000000;1.000000;SELL;Market
FutureA;1544189775362807267;1544189775362807267;10877.500000;1.000000;BUY;Market
FutureB;1544189839885874917;1544189839885874917;10881.000000;1.000000;BUY;Market
FutureA;1544189839885874917;1544189839885874917;10881.500000;1.000000;SELL;Market
FutureB;1544189955242011030;1544189955242011030;10889.000000;1.000000;BUY;Market
FutureA;1544189955242011030;1544189955242011030;10890.000000;1.000000;SELL;Market
FutureB;1544190076600147000;1544190076600147000;10907.000000;1.000000;SELL;Market
FutureA;1544190076600147000;1544190076600147000;10906.500000;1.000000;BUY;Market
FutureB;1544190116651281262;1544190116651281262;10921.000000;1.000000;BUY;Market
FutureA;1544190116651281262;1544190116651281262;10921.500000;1.000000;SELL;Market
FutureB;1544190370914471980;1544190370914471980;10904.000000;1.000000;SELL;Market
FutureA;1544190370914471980;1544190370914471980;10903.500000;1.000000;BUY;Market
FutureB;1544190543205527713;1544190543205527713;10905.000000;1.000000;BUY;Market
FutureA;1544190543205527713;1544190543205527713;10905.500000;1.000000;SELL;Market
FutureB;1544190890570512511;1544190890570512511;10901.000000;1.000000;SELL;Market
FutureA;1544190890570512511;1544190890570512511;10900.000000;1.000000;BUY;Market
FutureB;1544190899611139975;1544190899611139975;10899.000000;1.000000;SELL;Market
FutureA;1544190899611139975;1544190899611139975;10898.000000;1.000000;BUY;Market
FutureB;1544191133023789473;1544191133023789473;10892.000000;1.000000;BUY;Market
FutureA;1544191133023789473;1544191133023789473;10892.500000;1.000000;SELL;Market
FutureB;1544191589886541031;1544191589886541031;10901.000000;1.000000;SELL;Market
FutureA;1544191589886541031;1544191589886541031;10900.500000;1.000000;BUY;Market
FutureB;1544191793715774449;1544191793715774449;10894.000000;1.000000;BUY;Market
FutureA;1544191793715774449;1544191793715774449;10894.500000;1.000000;SELL;Market
FutureB;1544191813611465695;1544191813611465695;10898.000000;1.000000;SELL;Market
FutureA;1544191813611465695;1544191813611465695;10896.500000;1.000000;BUY;Market
FutureA;1544191813611635367;1544191813611635367;10896.500000;1.000000;BUY;Market
FutureB;1544191813611635367;1544191813611635367;10897.000000;1.000000;SELL;Market
FutureB;1544191813611650271;1544191813611650271;10897.000000;1.000000;SELL;Market
FutureA;1544191813611650271;1544191813611650271;10896.500000;1.000000;BUY;Market
FutureA;1544192189241782009;1544192189241782009;10893.500000;1.000000;SELL;Market
FutureB;1544192189241782009;1544192189241782009;10894.000000;1.000000;BUY;Market
FutureA;1544192204961682619;1544192204961682619;10894.500000;1.000000;SELL;Market
FutureB;1544192204961682619;1544192204961682619;10894.000000;1.000000;BUY;Market
FutureB;1544192349554046933;1544192349554046933;10895.000000;1.000000;SELL;Market
FutureA;1544192349554046933;1544192349554046933;10894.500000;1.000000;BUY;Market
FutureB;1544192381233930773;1544192381233930773;10892.000000;1.000000;BUY;Market
FutureA;1544192381233930773;1544192381233930773;10892.500000;1.000000;SELL;Market
FutureB;1544192403554409986;1544192403554409986;10896.000000;1.000000;BUY;Market
FutureA;1544192403554409986;1544192403554409986;10897.000000;1.000000;SELL;Market
FutureB;1544192693567797489;1544192693567797489;10893.000000;1.000000;SELL;Market
FutureA;1544192693567797489;1544192693567797489;10892.500000;1.000000;BUY;Market
FutureB;1544192719367508774;1544192719367508774;10897.000000;1.000000;SELL;Market
FutureA;1544192719367508774;1544192719367508774;10896.500000;1.000000;BUY;Market
FutureB;1544193019414249016;1544193019414249016;10892.000000;1.000000;BUY;Market
FutureA;1544193019414249016;1544193019414249016;10892.500000;1.000000;SELL;Market
FutureB;1544193151804201262;1544193151804201262;10902.000000;1.000000;BUY;Market
FutureA;1544193151804201262;1544193151804201262;10902.500000;1.000000;SELL;Market
FutureB;1544193151804288131;1544193151804288131;10902.000000;1.000000;BUY;Market
FutureA;1544193151804288131;1544193151804288131;10902.500000;1.000000;SELL;Market
FutureA;1544193483792343791;1544193483792343791;10913.500000;1.000000;BUY;Market
FutureB;1544193483792343791;1544193483792343791;10914.000000;1.000000;SELL;Market
FutureB;1544193540480630990;1544193540480630990;10915.000000;1.000000;SELL;Market
FutureA;1544193540480630990;1544193540480630990;10914.500000;1.000000;BUY;Market
FutureB;1544193643801844030;1544193643801844030;10913.000000;1.000000;BUY;Market
FutureA;1544193643801844030;1544193643801844030;10914.000000;1.000000;SELL;Market
FutureB;1544194185061810168;1544194185061810168;10903.000000;1.000000;SELL;Market
FutureA;1544194185061810168;1544194185061810168;10902.500000;1.000000;BUY;Market
FutureB;1544194296031536323;1544194296031536323;10905.000000;1.000000;BUY;Market
FutureA;1544194296031536323;1544194296031536323;10906.000000;1.000000;SELL;Market
FutureB;1544194688952060999;1544194688952060999;10908.000000;1.000000;SELL;Market
FutureA;1544194688952060999;1544194688952060999;10907.500000;1.000000;BUY;Market
FutureB;1544194689020795842;1544194689020795842;10908.000000;1.000000;SELL;Market
FutureA;1544194689020795842;1544194689020795842;10907.500000;1.000000;BUY;Market
FutureB;1544194728477789243;1544194728477789243;10905.000000;1.000000;SELL;Market
FutureA;1544194728477789243;1544194728477789243;10904.500000;1.000000;BUY;Market
FutureB;1544194960571008242;1544194960571008242;10908.000000;1.000000;BUY;Market
FutureA;1544194960571008242;1544194960571008242;10909.000000;1.000000;SELL;Market
FutureA;1544195358959664615;1544195358959664615;10903.000000;1.000000;BUY;Market
FutureB;1544195358959664615;1544195358959664615;10904.000000;1.000000;SELL;Market
FutureB;1544195591997805626;1544195591997805626;10898.000000;1.000000;BUY;Market
FutureA;1544195591997805626;1544195591997805626;10898.500000;1.000000;SELL;Market
FutureA;1544195593043164363;1544195593043164363;10898.500000;1.000000;SELL;Market
FutureB;1544195593043164363;1544195593043164363;10898.000000;1.000000;BUY;Market
FutureA;1544195593043200794;1544195593043200794;10898.500000;1.000000;SELL;Market
FutureB;1544195593043200794;1544195593043200794;10898.000000;1.000000;BUY;Market
FutureA;1544195749210824710;1544195749210824710;10888.500000;1.000000;SELL;Market
FutureB;1544195749210824710;1544195749210824710;10888.000000;1.000000;BUY;Market
FutureA;1544195857614317745;1544195857614317745;10872.000000;1.000000;BUY;Market
FutureB;1544195857614317745;1544195857614317745;10873.000000;1.000000;SELL;Market
FutureA;1544195857614330246;1544195857614330246;10872.000000;1.000000;BUY;Market
FutureB;1544195857614330246;1544195857614330246;10873.000000;1.000000;SELL;Market
FutureB;1544195857614376641;1544195857614376641;10873.000000;1.000000;SELL;Market
FutureA;1544195857614376641;1544195857614376641;10872.000000;1.000000;BUY;Market
FutureA;1544195857614427308;1544195857614427308;10872.000000;1.000000;BUY;Market
FutureB;1544195857614427308;1544195857614427308;10873.000000;1.000000;SELL;Market
FutureA;1544195952148995045;1544195952148995045;10868.500000;1.000000;SELL;Market
FutureB;1544195952148995045;1544195952148995045;10868.000000;1.000000;BUY;Market
FutureB;1544196024275314689;1544196024275314689;10866.000000;1.000000;BUY;Market
FutureA;1544196024275314689;1544196024275314689;10868.000000;1.000000;SELL;Market
FutureB;1544196095494293194;1544196095494293194;10868.000000;1.000000;SELL;Market
FutureA;1544196095494293194;1544196095494293194;10867.500000;1.000000;BUY;Market
FutureB;1544196095494397094;1544196095494397094;10868.000000;1.000000;SELL;Market
FutureA;1544196095494397094;1544196095494397094;10867.500000;1.000000;BUY;Market
FutureB;1544196130687267257;1544196130687267257;10865.000000;1.000000;BUY;Market
FutureA;1544196130687267257;1544196130687267257;10865.500000;1.000000;SELL;Market
FutureB;1544196130687376290;1544196130687376290;10865.000000;1.000000;BUY;Market
FutureA;1544196130687376290;1544196130687376290;10865.500000;1.000000;SELL;Market
FutureB;1544196253094147712;1544196253094147712;10851.000000;1.000000;BUY;Market
FutureA;1544196253094147712;1544196253094147712;10851.500000;1.000000;SELL;Market
FutureA;1544196253094227615;1544196253094227615;10851.500000;1.000000;SELL;Market
FutureB;1544196253094227615;1544196253094227615;10851.000000;1.000000;BUY;Market
FutureB;1544196318810450557;1544196318810450557;10843.000000;1.000000;SELL;Market
FutureA;1544196318810450557;1544196318810450557;10842.500000;1.000000;BUY;Market
FutureB;1544196318810573935;1544196318810573935;10843.000000;1.000000;SELL;Market
FutureA;1544196318810573935;1544196318810573935;10842.500000;1.000000;BUY;Market
FutureA;1544196318810697136;1544196318810697136;10842.500000;1.000000;BUY;Market
FutureB;1544196318810697136;1544196318810697136;10843.000000;1.000000;SELL;Market
FutureB;1544196318810768098;1544196318810768098;10842.000000;1.000000;SELL;Market
FutureA;1544196318810768098;1544196318810768098;10842.500000;1.000000;BUY;Market
FutureB;1544196506714183857;1544196506714183857;10849.000000;1.000000;BUY;Market
FutureA;1544196506714183857;1544196506714183857;10849.500000;1.000000;SELL;Market
FutureB;1544196750651066943;1544196750651066943;10849.000000;1.000000;BUY;Market
FutureA;1544196750651066943;1544196750651066943;10849.500000;1.000000;SELL;Market
FutureB;1544196752483178305;1544196752483178305;10848.000000;1.000000;BUY;Market
FutureA;1544196752483178305;1544196752483178305;10848.500000;1.000000;SELL;Market
FutureB;1544196754945987894;1544196754945987894;10850.000000;1.000000;SELL;Market
FutureA;1544196754945987894;1544196754945987894;10849.500000;1.000000;BUY;Market
FutureA;1544196763746493582;1544196763746493582;10851.500000;1.000000;BUY;Market
FutureB;1544196763746493582;1544196763746493582;10852.000000;1.000000;SELL;Market
FutureA;1544196788986412656;1544196788986412656;10851.500000;1.000000;SELL;Market
FutureB;1544196788986412656;1544196788986412656;10851.000000;1.000000;BUY;Market
FutureB;1544196799815831127;1544196799815831127;10848.000000;1.000000;BUY;Market
FutureA;1544196799815831127;1544196799815831127;10848.500000;1.000000;SELL;Market
FutureB;1544196829078936366;1544196829078936366;10851.000000;1.000000;BUY;Market
FutureA;1544196829078936366;1544196829078936366;10851.500000;1.000000;SELL;Market
FutureB;1544197385188931453;1544197385188931453;10852.000000;1.000000;SELL;Market
FutureA;1544197385188931453;1544197385188931453;10851.500000;1.000000;BUY;Market
FutureB;1544197438759838459;1544197438759838459;10851.000000;1.000000;SELL;Market
FutureA;1544197438759838459;1544197438759838459;10850.000000;1.000000;BUY;Market
FutureB;1544198041168944198;1544198041168944198;10847.000000;1.000000;BUY;Market
FutureA;1544198041168944198;1544198041168944198;10847.500000;1.000000;SELL;Market
FutureA;1544198051052410144;1544198051052410144;10849.500000;1.000000;BUY;Market
FutureB;1544198051052410144;1544198051052410144;10850.000000;1.000000;SELL;Market
FutureB;1544198051052499758;1544198051052499758;10849.000000;1.000000;SELL;Market
FutureA;1544198051052499758;1544198051052499758;10848.500000;1.000000;BUY;Market
FutureB;1544198156982536079;1544198156982536079;10850.000000;1.000000;SELL;Market
FutureA;1544198156982536079;1544198156982536079;10849.500000;1.000000;BUY;Market
FutureB;1544198255035742337;1544198255035742337;10851.000000;1.000000;BUY;Market
FutureA;1544198255035742337;1544198255035742337;10851.500000;1.000000;SELL;Market
FutureA;1544198541561627316;1544198541561627316;10827.500000;1.000000;SELL;Market
FutureB;1544198541561627316;1544198541561627316;10828.000000;1.000000;BUY;Market
FutureB;1544198553037281787;1544198553037281787;10831.000000;1.000000;SELL;Market
FutureA;1544198553037281787;1544198553037281787;10830.000000;1.000000;BUY;Market
FutureB;1544198654417489606;1544198654417489606;10826.000000;1.000000;SELL;Market
FutureA;1544198654417489606;1544198654417489606;10825.500000;1.000000;BUY;Market
FutureB;1544198749663552899;1544198749663552899;10813.000000;1.000000;BUY;Market
FutureA;1544198749663552899;1544198749663552899;10813.500000;1.000000;SELL;Market
FutureB;1544198752335372224;1544198752335372224;10813.000000;1.000000;SELL;Market
FutureA;1544198752335372224;1544198752335372224;10812.500000;1.000000;BUY;Market
FutureA;1544198765026523399;1544198765026523399;10818.500000;1.000000;SELL;Market
FutureB;1544198765026523399;1544198765026523399;10818.000000;1.000000;BUY;Market
FutureA;1544199102864863943;1544199102864863943;10823.500000;1.000000;SELL;Market
FutureB;1544199102864863943;1544199102864863943;10823.000000;1.000000;BUY;Market
FutureA;1544199182619310005;1544199182619310005;10812.500000;1.000000;SELL;Market
FutureB;1544199182619310005;1544199182619310005;10812.000000;1.000000;BUY;Market
FutureB;1544199262871840967;1544199262871840967;10818.000000;1.000000;BUY;Market
FutureA;1544199262871840967;1544199262871840967;10818.500000;1.000000;SELL;Market
FutureB;1544199833529059141;1544199833529059141;10808.000000;1.000000;SELL;Market
FutureA;1544199833529059141;1544199833529059141;10806.500000;1.000000;BUY;Market
FutureB;1544199833529204973;1544199833529204973;10807.000000;1.000000;SELL;Market
FutureA;1544199833529204973;1544199833529204973;10806.500000;1.000000;BUY;Market
FutureB;1544199833529269933;1544199833529269933;10807.000000;1.000000;SELL;Market
FutureA;1544199833529269933;1544199833529269933;10806.500000;1.000000;BUY;Market
FutureB;1544199833529350767;1544199833529350767;10807.000000;1.000000;SELL;Market
FutureA;1544199833529350767;1544199833529350767;10806.500000;1.000000;BUY;Market
FutureB;1544199957640697215;1544199957640697215;10811.000000;1.000000;BUY;Market
FutureA;1544199957640697215;1544199957640697215;10811.500000;1.000000;SELL;Market
FutureB;1544200137069372159;1544200137069372159;10818.000000;1.000000;SELL;Market
FutureA;1544200137069372159;1544200137069372159;10817.500000;1.000000;BUY;Market
FutureB;1544200199087515990;1544200199087515990;10816.000000;1.000000;BUY;Market
FutureA;1544200199087515990;1544200199087515990;10816.500000;1.000000;SELL;Market
FutureB;1544200199088218181;1544200199088218181;10814.000000;1.000000;BUY;Market
FutureA;1544200199088218181;1544200199088218181;10815.000000;1.000000;SELL;Market
FutureB;1544200199088456895;1544200199088456895;10813.000000;1.000000;BUY;Market
FutureA;1544200199088456895;1544200199088456895;10814.500000;1.000000;SELL;Market
FutureB;1544200199088518273;1544200199088518273;10813.000000;1.000000;BUY;Market
FutureA;1544200199088518273;1544200199088518273;10814.500000;1.000000;SELL;Market
FutureA;1544200199695808181;1544200199695808181;10813.500000;1.000000;BUY;Market
FutureB;1544200199695808181;1544200199695808181;10814.000000;1.000000;SELL;Market
FutureA;1544200200064767749;1544200200064767749;10811.500000;1.000000;SELL;Market
FutureB;1544200200064767749;1544200200064767749;10811.000000;1.000000;BUY;Market
FutureB;1544200272219783438;1544200272219783438;10810.000000;1.000000;SELL;Market
FutureA;1544200272219783438;1544200272219783438;10809.000000;1.000000;BUY;Market
FutureB;1544200303989169823;1544200303989169823;10807.000000;1.000000;BUY;Market
FutureA;1544200303989169823;1544200303989169823;10807.500000;1.000000;SELL;Market
FutureB;1544200305960492776;1544200305960492776;10807.000000;1.000000;SELL;Market
FutureA;1544200305960492776;1544200305960492776;10806.000000;1.000000;BUY;Market
FutureA;1544200428948536857;1544200428948536857;10812.500000;1.000000;BUY;Market
FutureB;1544200428948536857;1544200428948536857;10813.000000;1.000000;SELL;Market
FutureA;1544200476585397670;1544200476585397670;10798.000000;1.000000;BUY;Market
FutureB;1544200476585397670;1544200476585397670;10799.000000;1.000000;SELL;Market
FutureB;1544200480322930573;1544200480322930573;10794.000000;1.000000;SELL;Market
FutureA;1544200480322930573;1544200480322930573;10793.500000;1.000000;BUY;Market
FutureA;1544200500007251302;1544200500007251302;10786.500000;1.000000;SELL;Market
FutureB;1544200500007251302;1544200500007251302;10786.000000;1.000000;BUY;Market
FutureB;1544200839880329086;1544200839880329086;10767.000000;1.000000;SELL;Market
FutureA;1544200839880329086;1544200839880329086;10766.500000;1.000000;BUY;Market
FutureB;1544200885900832675;1544200885900832675;10772.000000;1.000000;BUY;Market
FutureA;1544200885900832675;1544200885900832675;10773.000000;1.000000;SELL;Market
FutureA;1544200957691262164;1544200957691262164;10779.500000;1.000000;BUY;Market
FutureB;1544200957691262164;1544200957691262164;10780.000000;1.000000;SELL;Market
FutureB;1544201034279727600;1544201034279727600;10785.000000;1.000000;BUY;Market
FutureA;1544201034279727600;1544201034279727600;10785.500000;1.000000;SELL;Market
FutureB;1544201235852407567;1544201235852407567;10794.000000;1.000000;SELL;Market
FutureA;1544201235852407567;1544201235852407567;10793.500000;1.000000;BUY;Market
FutureA;1544201732340356023;1544201732340356023;10777.500000;1.000000;SELL;Market
FutureB;1544201732340356023;1544201732340356023;10777.000000;1.000000;BUY;Market
FutureB;1544201732340394162;1544201732340394162;10777.000000;1.000000;BUY;Market
FutureA;1544201732340394162;1544201732340394162;10777.500000;1.000000;SELL;Market
FutureA;1544201835811340674;1544201835811340674;10771.500000;1.000000;SELL;Market
FutureB;1544201835811340674;1544201835811340674;10771.000000;1.000000;BUY;Market
FutureB;1544201835811374200;1544201835811374200;10771.000000;1.000000;BUY;Market
FutureA;1544201835811374200;1544201835811374200;10771.500000;1.000000;SELL;Market
FutureA;1544201859915858668;1544201859915858668;10774.500000;1.000000;BUY;Market
FutureB;1544201859915858668;1544201859915858668;10775.000000;1.000000;SELL;Market
FutureB;1544201859915905656;1544201859915905656;10775.000000;1.000000;SELL;Market
FutureA;1544201859915905656;1544201859915905656;10774.500000;1.000000;BUY;Market
FutureB;1544201859915982394;1544201859915982394;10774.000000;1.000000;SELL;Market
FutureA;1544201859915982394;1544201859915982394;10774.500000;1.000000;BUY;Market
FutureA;1544201996063856975;1544201996063856975;10766.000000;1.000000;BUY;Market
FutureB;1544201996063856975;1544201996063856975;10767.000000;1.000000;SELL;Market
